@article{wang2018machine,
 title={Machine learning in compiler optimization},
 author={Wang, Zheng and O'Boyle, Michael},
 journal={Proceedings of the IEEE},
 number={99},
 pages={1--23},
 year={2018},
 publisher={IEEE}
}
@inproceedings{fursin2008milepost,
  title={MILEPOST GCC: machine learning based research compiler},
  author={Fursin, Grigori and Miranda, Cupertino and Temam, Olivier and Namolaru, Mircea and Yom-Tov, Elad and Zaks, Ayal and Mendelson, Bilha and Bonilla, Edwin and Thomson, John and Leather, Hugh and others},
  booktitle={GCC summit},
  year={2008}
}

@inproceedings{agakov2006using,
  title={Using machine learning to focus iterative optimization},
  author={Agakov, Felix and Bonilla, Edwin and Cavazos, John and Franke, Bj{\"o}rn and Fursin, Grigori and O'Boyle, Michael FP and Thomson, John and Toussaint, Marc and Williams, Christopher KI},
  booktitle={Proceedings of the International Symposium on Code Generation and Optimization},
  pages={295--305},
  year={2006},
  organization={IEEE Computer Society}
}

@misc{Shiffman16,
  title={Coding Challenge 29: Smart Rockets in p5.js},
  author={Shiffman, Daniel},
  year={2016},
  howpublished="\url{https://youtu.be/bGz7mv2vD6g}"
}
